@article{amarsi2018effective,
  title={Effective temperature determinations of late-type stars based on 3D non-LTE Balmer line formation},
  author={Amarsi, Anish M and Nordlander, Thomas and Barklem, PS and Asplund, Martin and Collet, Remo and Lind, Karin},
  journal={Astronomy \& Astrophysics},
  volume={615},
  pages={A139},
  year={2018},
  publisher={EDP Sciences}
}
@ARTICLE{1953PDAO....9....1B,
       author = {{Beals}, C.~S.},
        title = "{The Spectra of the P Cygni Stars}",
      journal = {Publications of the Dominion Astrophysical Observatory Victoria},
         year = 1953,
        month = jan,
       volume = {9},
        pages = {1},
       adsurl = {https://ui.adsabs.harvard.edu/abs/1953PDAO....9....1B},
      adsnote = {Provided by the SAO/NASA Astrophysics Data System}
}
@article{bergemann2016gaia,
  title={The Gaia-ESO Survey: Hydrogen lines in red giants directly trace stellar mass},
  author={Bergemann, Maria and Serenelli, Aldo and Sch{\"o}nrich, Ralph and Ruchti, Greg and Korn, Andreas and Hekker, Saskia and Kovalev, Mikhail and Mashonkina, Lyudmila and Gilmore, Gerry and Randich, Sofia and others},
  journal={Astronomy \& Astrophysics},
  volume={594},
  pages={A120},
  year={2016},
  publisher={EDP Sciences}
}
@article{biazzo2006photospheric,
  title={Photospheric and chromospheric active regions on three single-lined RS CVn binaries},
  author={Biazzo, K and Frasca, A and Catalano, S and Marilli, E},
  journal={Astronomy \& Astrophysics},
  volume={446},
  number={3},
  pages={1129--1138},
  year={2006},
  publisher={EDP Sciences}
}
@article{bonito2013spectroscopic,
  title={Spectroscopic observations of blue stars with infrared excesses in NGC 6611},
  author={Bonito, R and Prisinzano, L and Guarcello, MG and Micela, G},
  journal={Astronomy \& Astrophysics},
  volume={556},
  pages={A108},
  year={2013},
  publisher={EDP Sciences}
}
@article{buder2021galah+,
  title={The GALAH+ survey: Third data release},
  author={Buder, Sven and Sharma, Sanjib and Kos, Janez and Amarsi, Anish M and Nordlander, Thomas and Lind, Karin and Martell, Sarah L and Asplund, Martin and Bland-Hawthorn, Joss and Casey, Andrew R and others},
  journal={Monthly Notices of the Royal Astronomical Society},
  volume={506},
  number={1},
  pages={150--201},
  year={2021},
  publisher={Oxford University Press}
}
@article{castor1979atlas,
  title={An atlas of theoretical P Cygni profiles},
  author={Castor, JI and Lamers, HJGLM},
  journal={The Astrophysical Journal Supplement Series},
  volume={39},
  pages={481--511},
  year={1979}
}
@article{cayrel2011halpha,
  title={The H$\alpha$ Balmer line as an effective temperature criterion-I. Calibration using 1D model stellar atmospheres},
  author={Cayrel, R and Van’t Veer-Menneret, C and Allard, NF and Stehl{\'e}, C},
  journal={Astronomy \& Astrophysics},
  volume={531},
  pages={A83},
  year={2011},
  publisher={EDP Sciences}
}
@article{cerruti1989fast,
  title={Fast winds in central stars of some planetary nebulae},
  author={Cerruti-Sola, M and Perinotto, M},
  journal={The Astrophysical Journal},
  volume={345},
  pages={339--345},
  year={1989}
}
@article{vcotar2021galah,
  title={The GALAH survey: characterization of emission-line stars with spectral modelling using autoencoders},
  author={{\v{C}}otar, Klemen and Zwitter, Toma{\v{z}} and Traven, Gregor and Bland-Hawthorn, Joss and Buder, Sven and Hayden, Michael R and Kos, Janez and Lewis, Geraint F and Martell, Sarah L and Nordlander, Thomas and others},
  journal={Monthly Notices of the Royal Astronomical Society},
  volume={500},
  number={4},
  pages={4849--4865},
  year={2021},
  publisher={Oxford University Press}
}
@article{de2015galah,
  title={The GALAH survey: scientific motivation},
  author={De Silva, Gayandhi M and Freeman, Ken C and Bland-Hawthorn, Jonathan and Martell, Sarah and De Boer, E Wylie and Asplund, Martin and Keller, Stefan and Sharma, Sanjib and Zucker, Daniel B and Zwitter, Tomaz and others},
  journal={Monthly Notices of the Royal Astronomical Society},
  volume={449},
  number={3},
  pages={2604--2617},
  year={2015},
  publisher={Oxford University Press}
}
@article{elliott20225,
  title={5 yr of BRITE-Constellation photometry of the luminous blue variable P Cygni: properties of the stochastic low-frequency variability},
  author={Elliott, Ashley and Richardson, Noel D and Pablo, Herbert and Moffat, Anthony FJ and Bowman, Dominic M and Ibrahim, Nour and Handler, Gerald and Lovekin, Catherine and Popowicz, Adam and St-Louis, Nicole and others},
  journal={Monthly Notices of the Royal Astronomical Society},
  volume={509},
  number={3},
  pages={4246--4255},
  year={2022},
  publisher={Oxford University Press}
}
@article{ester1996density,
  title={A density-based algorithm for discovering clusters in large spatial databases with noise.},
  author={Ester, Martin and Kriegel, Hans-Peter and Sander, J{\"o}rg and Xu, Xiaowei and others},
  booktitle={kdd},
  volume={96},
  number={34},
  pages={226--231},
  year={1996}
}
@article{feeney2021ssspang,
  title={SSSpaNG! stellar spectra as sparse, data-driven, non-Gaussian processes},
  author={Feeney, Stephen M and Wandelt, Benjamin D and Ness, Melissa K},
  journal={Monthly Notices of the Royal Astronomical Society},
  volume={501},
  number={3},
  pages={3258--3271},
  year={2021},
  publisher={Oxford University Press}
}
@article{garcia2018machine,
  title={Machine learning in APOGEE-Unsupervised spectral classification with K-means},
  author={Garcia-Dias, Rafael and Prieto, Carlos Allende and Almeida, Jorge S{\'a}nchez and Ordov{\'a}s-Pascual, Ignacio},
  journal={Astronomy \& Astrophysics},
  volume={612},
  pages={A98},
  year={2018},
  publisher={EDP Sciences}
}
@article{giribaldi2019accurate,
  title={Accurate effective temperature from H$\alpha$ profiles},
  author={Giribaldi, Riano E and Ubaldo-Melo, Maria L and de Mello, GF Porto and Pasquini, Luca and Ludwig, H-G and Ulmer-Moll, Sol{\`e}ne and Lorenzo-Oliveira, Diego},
  journal={Astronomy \& Astrophysics},
  volume={624},
  pages={A10},
  year={2019},
  publisher={EDP Sciences}
}
@ARTICLE{deGrootPCygni,
       author = {{de Groot}, Mart and {Sterken}, Chris},
        title = "{P Cygni 2000: 400 Years of Progress}",
      journal = {\pasp},
         year = 2001,
        month = feb,
       volume = {113},
       number = {780},
        pages = {258-259},
          doi = {10.1086/318617},
       adsurl = {https://ui.adsabs.harvard.edu/abs/2001PASP..113..258D},
      adsnote = {Provided by the SAO/NASA Astrophysics Data System}
}
@article{hamilton2012complex,
  title={Complex Variability of the H$\alpha$ Emission Line Profile of the T Tauri Binary System KH 15D: The Influence of Orbital Phase, Occultation by the Circumbinary Disk, and Accretion Phenomena},
  author={Hamilton, Catrina M and Johns-Krull, Christopher M and Mundt, Reinhard and Herbst, William and Winn, Joshua N},
  journal={The Astrophysical Journal},
  volume={751},
  number={2},
  pages={147},
  year={2012},
  publisher={IOP Publishing}
}
@article{ho2017label,
  title={Label Transfer from APOGEE to LAMOST: Precise Stellar Parameters for 450,000 LAMOST Giants},
  author={Ho, Anna YQ and Ness, Melissa K and Hogg, David W and Rix, Hans-Walter and Liu, Chao and Yang, Fan and Zhang, Yong and Hou, Yonghui and Wang, Yuefei},
  journal={The Astrophysical Journal},
  volume={836},
  number={1},
  pages={5},
  year={2017},
  publisher={IOP Publishing}
}
@article{ho2017masses,
  title={Masses and ages for 230,000 LAMOST giants, via their carbon and nitrogen abundances},
  author={Ho, Anna YQ and Rix, Hans-Walter and Ness, Melissa K and Hogg, David W and Liu, Chao and Ting, Yuan-Sen},
  journal={The Astrophysical Journal},
  volume={841},
  number={1},
  pages={40},
  year={2017},
  publisher={IOP Publishing}
}
@article{hou2016catalog,
  title={A catalog of early-type emission-line stars and H$\alpha$ line profiles from LAMOST DR2},
  author={Hou, Wen and Luo, A-Li and Hu, Jing-Yao and Yang, Hai-Feng and Du, Chang-De and Liu, Chao and Lee, Chien-De and Lin, Chien-Cheng and Wang, Yue-Fei and Zhang, Yong and others},
  journal={Research in Astronomy and Astrophysics},
  volume={16},
  number={9},
  pages={006},
  year={2016},
  publisher={IOP Publishing}
}
@article{hutchings1969expanding,
  title={Expanding Atmospheres in OB Supergiants—III: P Cygni},
  author={Hutchings, JB},
  journal={Monthly Notices of the Royal Astronomical Society},
  volume={144},
  number={2},
  pages={235--243},
  year={1969},
  publisher={Oxford University Press Oxford, UK}
}
@article{kohoutek1999catalogue,
  title={Catalogue of H-alpha emission stars in the Northern Milky Way},
  author={Kohoutek, L and Wehmeyer, R},
  journal={Astronomy and Astrophysics Supplement Series},
  volume={134},
  number={2},
  pages={255--256},
  year={1999},
  publisher={EDP Sciences}
}
@article{kurosawa2013spectral,
  title={Spectral variability of classical T Tauri stars accreting in an unstable regime},
  author={Kurosawa, Ryuichi and Romanova, Marina M},
  journal={Monthly Notices of the Royal Astronomical Society},
  volume={431},
  number={3},
  pages={2673--2689},
  year={2013},
  publisher={Oxford University Press}
}
@article{lamers1987sei,
  title={The'SEI'method for accurate and efficient calculations of line profiles in spherically symmetric stellar winds},
  author={Lamers, HJGLM and Cerruti-Sola, M and Perinotto, M},
  journal={The Astrophysical Journal},
  volume={314},
  pages={726--738},
  year={1987}
}
@article{lanzafame2000chromospheric,
  title={Chromospheric two-component NLTE modelling of the binary system V 711 Tau= HR 1099},
  author={Lanzafame, AC and Bus{\`a}, I and Rodon{\`o}, M},
  journal={Astronomy and Astrophysics},
  volume={362},
  pages={683--690},
  year={2000}
}
@article{leung2019deep,
  title={Deep learning of multi-element abundances from high-resolution spectroscopic data},
  author={Leung, Henry W and Bovy, Jo},
  journal={Monthly Notices of the Royal Astronomical Society},
  volume={483},
  number={3},
  pages={3255--3277},
  year={2019},
  publisher={Oxford University Press}
}
@article{mizumoto2018newly,
  title={A newly identified emission-line region around P Cygni},
  author={Mizumoto, Misaki and Kobayashi, Naoto and Hamano, Satoshi and Ikeda, Yuji and Kondo, Sohei and Sameshima, Hiroaki and Matsunaga, Noriyuki and Fukue, Kei and Yasui, Chikako and Izumi, Natsuko and others},
  journal={Monthly Notices of the Royal Astronomical Society},
  volume={481},
  number={1},
  pages={793--805},
  year={2018},
  publisher={Oxford University Press}
}
@article{najarro1997spectroscopic,
  title={A spectroscopic investigation of P Cygni. I. H and HeI lines.},
  author={Najarro, F and Hillier, DJ and Stahl, O},
  journal={Astronomy and Astrophysics},
  volume={326},
  pages={1117--1134},
  year={1997}
}
@article{ness2016spectroscopic,
  title={Spectroscopic determination of masses (and implied ages) for red giants},
  author={Ness, Melissa and Hogg, David W and Rix, H-W and Martig, Marie and Pinsonneault, Marc H and Ho, AYQ},
  journal={The Astrophysical Journal},
  volume={823},
  number={2},
  pages={114},
  year={2016},
  publisher={IOP Publishing}
}
@article{ness2015cannon,
  title={The Cannon: A data-driven approach to stellar label determination},
  author={Ness, Melissa and Hogg, David W and Rix, H-W and Ho, Anna YQ and Zasowski, Gail},
  journal={The Astrophysical Journal},
  volume={808},
  number={1},
  pages={16},
  year={2015},
  publisher={IOP Publishing}
}
@article{reipurth1996halpha,
  title={Halpha emission in pre-main sequence stars. I. an atlas of line profiles.},
  author={Reipurth, Bo and Pedrosa, A and Lago, MTVT},
  journal={Astronomy and Astrophysics Supplement Series},
  volume={120},
  pages={229--256},
  year={1996}
}
@article{sandford2020forecasting,
  title={Forecasting Chemical Abundance Precision for Extragalactic Stellar Archaeology},
  author={Sandford, Nathan R and Weisz, Daniel R and Ting, Yuan-Sen},
  journal={The Astrophysical Journal Supplement Series},
  volume={249},
  number={2},
  pages={24},
  year={2020},
  publisher={IOP Publishing}
}
@article{silaj2014halpha,
  title={The H$\alpha$ profiles of Be shell stars},
  author={Silaj, J and Jones, CE and Sigut, TAA and Tycner, C},
  journal={The Astrophysical Journal},
  volume={795},
  number={1},
  pages={82},
  year={2014},
  publisher={IOP Publishing}
}
@article{ting2018large,
  title={A Large and Pristine Sample of Standard Candles across the Milky Way:~ 100,000 Red Clump Stars with 3\% Contamination},
  author={Ting, Yuan-Sen and Hawkins, Keith and Rix, Hans-Walter},
  journal={The Astrophysical Journal Letters},
  volume={858},
  number={1},
  pages={L7},
  year={2018},
  publisher={IOP Publishing}
}
@article{traven2017galah,
  title={The Galah survey: classification and diagnostics with t-SNE reduction of spectral information},
  author={Traven, Gregor and Matijevi{\v{c}}, Gal and Zwitter, Tomaz and {\v{Z}}erjal, M and Kos, Janez and Asplund, Martin and Bland-Hawthorn, Joss and Casey, Andrew R and De Silva, Gayandhi and Freeman, Kenneth and others},
  journal={The Astrophysical Journal Supplement Series},
  volume={228},
  number={2},
  pages={24},
  year={2017},
  publisher={IOP Publishing}
}
@article{traven2015gaia,
  title={The Gaia-ESO Survey: Catalogue of H$\alpha$ emission stars},
  author={Traven, Gregor and Zwitter, Toma{\v{z}} and Van Eck, Sophie and Klutsch, Alexis and Bonito, Rosaria and Lanzafame, Alessandro Carmelo and Alfaro, Emilio J and Bayo, Amelia and Bragaglia, Angela and Costado, Mar{\'\i}a Teresa and others},
  journal={Astronomy \& Astrophysics},
  volume={581},
  pages={A52},
  year={2015},
  publisher={EDP Sciences}
}
@incollection{underhill1966supergiants,
  title={Supergiants and P Cygni},
  author={Underhill, Anne B},
  booktitle={The Early Type Stars},
  pages={213--225},
  year={1966},
  publisher={Springer}
}
@article{van2008visualizing,
  title={Visualizing data using t-SNE.},
  author={Van der Maaten, Laurens and Hinton, Geoffrey},
  journal={Journal of machine learning research},
  volume={9},
  number={11},
  year={2008}
}
@article{van1993atlas,
  title={An Atlas of High Resolution Line Profiles of Symbiotic Stars-Part One-Coud{\'e} Echelle Spectrometry of Southern Objects and a Classification System of Halpha Line Profiles},
  author={Van Winckel, Hans and Duerbeck, HW and Schwarz, HE},
  journal={Astronomy and Astrophysics Supplement Series},
  volume={102},
  pages={401},
  year={1993}
}
@article{wheeler2020abundances,
  title={Abundances in the Milky Way across five nucleosynthetic channels from 4 million LAMOST stars},
  author={Wheeler, Adam and Ness, Melissa and Buder, Sven and Bland-Hawthorn, Joss and De Silva, Gayandhi and Hayden, Michael and Kos, Janez and Lewis, Geraint F and Martell, Sarah and Sharma, Sanjib and others},
  journal={The Astrophysical Journal},
  volume={898},
  number={1},
  pages={58},
  year={2020},
  publisher={IOP Publishing}
}
@article{wheeler2021unsupervised,
  title={An unsupervised method for identifying X-enriched stars directly from spectra: Li in LAMOST},
  author={Wheeler, Adam J and Hogg, David W and Ness, Melissa},
  journal={The Astrophysical Journal},
  volume={908},
  number={2},
  pages={247},
  year={2021},
  publisher={IOP Publishing}
}
@article{xiang2017estimating,
  title={Estimating stellar atmospheric parameters, absolute magnitudes and elemental abundances from the LAMOST spectra with Kernel-based principal component analysis},
  author={Xiang, M-S and Liu, X-W and Shi, J-R and Yuan, H-B and Huang, Yang and Luo, A-L and Zhang, H-W and Zhao, Y-H and Zhang, J-N and Ren, J-J and others},
  journal={Monthly Notices of the Royal Astronomical Society},
  volume={464},
  number={3},
  pages={3657--3678},
  year={2017},
  publisher={Oxford University Press}
}
@article{xiang2019abundance,
  title={Abundance Estimates for 16 Elements in 6 Million Stars from LAMOST DR5 Low-Resolution Spectra},
  author={Xiang, Maosheng and Ting, Yuan-Sen and Rix, Hans-Walter and Sandford, Nathan and Buder, Sven and Lind, Karin and Liu, Xiao-Wei and Shi, Jian-Rong and Zhang, Hua-Wei},
  journal={The Astrophysical Journal Supplement Series},
  volume={245},
  number={2},
  pages={34},
  year={2019},
  publisher={IOP Publishing}
}
@article{vzerjal2019galah,
  title={The GALAH Survey: lithium-strong KM dwarfs},
  author={{\v{Z}}erjal, Maru{\v{s}}a and Ireland, MJ and Nordlander, Thomas and Lin, Jane and Buder, Sven and Casagrande, Luca and {\v{C}}otar, K and De Silva, Gayandhi and Horner, Jonathan and Martell, Sarah and others},
  journal={Monthly Notices of the Royal Astronomical Society},
  volume={484},
  number={4},
  pages={4591--4600},
  year={2019},
  publisher={Oxford University Press}
}
@article{zhang2021catalog,
  title={A catalog of early-type H $\{$$\backslash$alpha$\}$ emission line stars and 58 newly confirmed Herbig Ae/Bes from LAMOST DR7},
  author={Zhang, Yun-Jun and Hou, Wen and Luo, A-Li and Li, Shuo and Qin, Li and Lu, Yan and Li, Yin-Bi and Chen, Jian-Jun and Zhao, Yong-Heng},
  journal={arXiv preprint arXiv:2107.00402},
  year={2021}
}

